<?xml version="1.0" encoding="UTF-8"?><collection xmlns="http://www.loc.gov/MARC21/slim"><record><leader>00378nam--2200133-i-4500</leader><controlfield tag="001">000044610</controlfield><controlfield tag="002">20161230</controlfield><controlfield tag="005">20161230201044</controlfield><controlfield tag="008">060222s1000------------r-----000-0-eng-d</controlfield><datafield ind1=" " ind2=" " tag="080"><subfield code="a">621.372(022)</subfield></datafield><datafield ind1=" " ind2=" " tag="100"><subfield code="a">Thomas, Harry</subfield></datafield><datafield ind1=" " ind2=" " tag="245"><subfield code="a">Handbook of electronic circuit design analysis</subfield></datafield><datafield ind1=" " ind2=" " tag="260"><subfield code="a">Reston, Virginia, Restor Publishing Company, Inc., 1972, Viii + 502p</subfield></datafield><datafield ind1=" " ind2=" " tag="852"><subfield code="a">42009</subfield></datafield></record></collection>